<record><leader>00000cas a22000007a 4500</leader><controlfield tag="001">14525088</controlfield><controlfield tag="008">861027d19uu1991inuwr ne      0    0eng d</controlfield><datafield ind1=" " ind2=" " tag="010"><subfield code="a">sn 86058810 </subfield></datafield><datafield ind1=" " ind2=" " tag="040"><subfield code="a">NPI</subfield><subfield code="b">eng</subfield><subfield code="c">NPI</subfield><subfield code="d">OCLCQ</subfield></datafield><datafield ind1=" " ind2=" " tag="042"><subfield code="a">msc</subfield></datafield><datafield ind1="0" ind2="4" tag="245"><subfield code="a">The Star-echo.</subfield></datafield><datafield ind1="3" ind2="0" tag="246"><subfield code="a">Owensville star echo</subfield></datafield><datafield ind1=" " ind2=" " tag="260"><subfield code="a">Owensville, Ind. :</subfield><subfield code="b">[s.n.],</subfield><subfield code="c">-1991.</subfield></datafield><datafield ind1=" " ind2=" " tag="300"><subfield code="a">73 v. :</subfield><subfield code="b">ill. ;</subfield><subfield code="c">58 cm.</subfield></datafield><datafield ind1=" " ind2=" " tag="310"><subfield code="a">Weekly</subfield></datafield><datafield ind1="0" ind2=" " tag="362"><subfield code="a">-v. 92, no. 42 (Sept. 11, 1991).</subfield></datafield><datafield ind1=" " ind2=" " tag="588"><subfield code="a">Description based on: Vol. 20, no. 52 (Dec. 21, 1917).</subfield></datafield><datafield ind1=" " ind2=" " tag="752"><subfield code="a">United States</subfield><subfield code="b">Indiana</subfield><subfield code="c">Gibson</subfield><subfield code="d">Owensville.</subfield></datafield><datafield ind1="0" ind2="0" tag="780"><subfield code="t">Owensville star-echo</subfield><subfield code="w">(DLC)sn 87056798</subfield></datafield><datafield ind1="0" ind2="0" tag="785"><subfield code="t">Owensville star-echo (Owensville, Ind. : 1991)</subfield><subfield code="w">(DLC)sn 93049019</subfield></datafield><datafield ind1="1" ind2=" " tag="029"><subfield code="a">AU@</subfield><subfield code="b">000020437802</subfield></datafield></record>